[
  {
    "round": 1180,
    "date": "2025-07-12",
    "numbers": [
      6,
      12,
      18,
      37,
      40,
      41
    ],
    "bonus": 3,
    "first_prize": 2535566421,
    "first_winner_count": 11,
    "first_total_prize": 27891230631,
    "sales": 115377965000
  },
  {
    "round": 1179,
    "date": "2025-07-05",
    "numbers": [
      3,
      16,
      18,
      24,
      40,
      44
    ],
    "bonus": 21,
    "first_prize": 2162821097,
    "first_winner_count": 13,
    "first_total_prize": 28116674261,
    "sales": 115024678000
  },
  {
    "round": 1178,
    "date": "2025-06-28",
    "numbers": [
      5,
      6,
      11,
      27,
      43,
      44
    ],
    "bonus": 17,
    "first_prize": 2391608407,
    "first_winner_count": 12,
    "first_total_prize": 28699300884,
    "sales": 118774279000
  },
  {
    "round": 1177,
    "date": "2025-06-21",
    "numbers": [
      3,
      7,
      15,
      16,
      19,
      43
    ],
    "bonus": 21,
    "first_prize": 4576672000,
    "first_winner_count": 6,
    "first_total_prize": 27460032000,
    "sales": 115411832000
  },
  {
    "round": 1176,
    "date": "2025-06-14",
    "numbers": [
      7,
      9,
      11,
      21,
      30,
      35
    ],
    "bonus": 29,
    "first_prize": 2052166154,
    "first_winner_count": 13,
    "first_total_prize": 26678160002,
    "sales": 115765450000
  },
  {
    "round": 1175,
    "date": "2025-06-07",
    "numbers": [
      3,
      4,
      6,
      8,
      32,
      42
    ],
    "bonus": 31,
    "first_prize": 1384026094,
    "first_winner_count": 20,
    "first_total_prize": 27680521880,
    "sales": 117488305000
  },
  {
    "round": 1174,
    "date": "2025-05-31",
    "numbers": [
      8,
      11,
      14,
      17,
      36,
      39
    ],
    "bonus": 22,
    "first_prize": 1910619425,
    "first_winner_count": 15,
    "first_total_prize": 28659291375,
    "sales": 119020467000
  },
  {
    "round": 1173,
    "date": "2025-05-24",
    "numbers": [
      1,
      5,
      18,
      20,
      30,
      35
    ],
    "bonus": 3,
    "first_prize": 1179946063,
    "first_winner_count": 24,
    "first_total_prize": 28318705512,
    "sales": 118782668000
  },
  {
    "round": 1172,
    "date": "2025-05-17",
    "numbers": [
      7,
      9,
      24,
      40,
      42,
      44
    ],
    "bonus": 45,
    "first_prize": 2203004452,
    "first_winner_count": 13,
    "first_total_prize": 28639057876,
    "sales": 117565241000
  },
  {
    "round": 1171,
    "date": "2025-05-10",
    "numbers": [
      3,
      6,
      7,
      11,
      12,
      17
    ],
    "bonus": 19,
    "first_prize": 1128345286,
    "first_winner_count": 21,
    "first_total_prize": 23695251006,
    "sales": 115285696000
  },
  {
    "round": 1170,
    "date": "2025-05-03",
    "numbers": [
      3,
      13,
      28,
      34,
      38,
      42
    ],
    "bonus": 25,
    "first_prize": 1386550969,
    "first_winner_count": 20,
    "first_total_prize": 27731019380,
    "sales": 116709995000
  },
  {
    "round": 1169,
    "date": "2025-04-26",
    "numbers": [
      5,
      12,
      24,
      26,
      39,
      42
    ],
    "bonus": 20,
    "first_prize": 2852735813,
    "first_winner_count": 10,
    "first_total_prize": 28527358130,
    "sales": 118803195000
  },
  {
    "round": 1168,
    "date": "2025-04-19",
    "numbers": [
      9,
      21,
      24,
      30,
      33,
      37
    ],
    "bonus": 29,
    "first_prize": 2136635914,
    "first_winner_count": 13,
    "first_total_prize": 27776266882,
    "sales": 117811795000
  },
  {
    "round": 1167,
    "date": "2025-04-12",
    "numbers": [
      8,
      23,
      31,
      35,
      39,
      40
    ],
    "bonus": 24,
    "first_prize": 2884087913,
    "first_winner_count": 10,
    "first_total_prize": 28840879130,
    "sales": 118762131000
  },
  {
    "round": 1166,
    "date": "2025-04-05",
    "numbers": [
      14,
      23,
      25,
      27,
      29,
      42
    ],
    "bonus": 16,
    "first_prize": 2072319938,
    "first_winner_count": 14,
    "first_total_prize": 29012479132,
    "sales": 116717661000
  },
  {
    "round": 1165,
    "date": "2025-03-29",
    "numbers": [
      6,
      7,
      27,
      29,
      38,
      45
    ],
    "bonus": 17,
    "first_prize": 2192485270,
    "first_winner_count": 13,
    "first_total_prize": 28502308510,
    "sales": 118112106000
  },
  {
    "round": 1164,
    "date": "2025-03-22",
    "numbers": [
      17,
      18,
      23,
      25,
      38,
      39
    ],
    "bonus": 22,
    "first_prize": 2193092164,
    "first_winner_count": 13,
    "first_total_prize": 28510198132,
    "sales": 121102645000
  },
  {
    "round": 1163,
    "date": "2025-03-15",
    "numbers": [
      2,
      13,
      15,
      16,
      33,
      43
    ],
    "bonus": 4,
    "first_prize": 1936891150,
    "first_winner_count": 15,
    "first_total_prize": 29053367250,
    "sales": 122246316000
  },
  {
    "round": 1162,
    "date": "2025-03-08",
    "numbers": [
      20,
      21,
      22,
      25,
      28,
      29
    ],
    "bonus": 6,
    "first_prize": 823931021,
    "first_winner_count": 36,
    "first_total_prize": 29661516756,
    "sales": 120578328000
  },
  {
    "round": 1161,
    "date": "2025-03-01",
    "numbers": [
      2,
      12,
      20,
      24,
      34,
      42
    ],
    "bonus": 37,
    "first_prize": 1792657969,
    "first_winner_count": 16,
    "first_total_prize": 28682527504,
    "sales": 123230590000
  },
  {
    "round": 1160,
    "date": "2025-02-22",
    "numbers": [
      7,
      13,
      18,
      36,
      39,
      45
    ],
    "bonus": 19,
    "first_prize": 2509359875,
    "first_winner_count": 12,
    "first_total_prize": 30112318500,
    "sales": 123177536000
  },
  {
    "round": 1159,
    "date": "2025-02-15",
    "numbers": [
      3,
      9,
      27,
      28,
      38,
      39
    ],
    "bonus": 7,
    "first_prize": 1284854250,
    "first_winner_count": 23,
    "first_total_prize": 29551647750,
    "sales": 124802304000
  },
  {
    "round": 1158,
    "date": "2025-02-08",
    "numbers": [
      21,
      25,
      27,
      32,
      37,
      38
    ],
    "bonus": 20,
    "first_prize": 1394358197,
    "first_winner_count": 21,
    "first_total_prize": 29281522137,
    "sales": 119706159000
  },
  {
    "round": 1157,
    "date": "2025-02-01",
    "numbers": [
      5,
      7,
      12,
      20,
      25,
      26
    ],
    "bonus": 28,
    "first_prize": 2257842157,
    "first_winner_count": 12,
    "first_total_prize": 27094105884,
    "sales": 123443439000
  },
  {
    "round": 1156,
    "date": "2025-01-25",
    "numbers": [
      30,
      31,
      34,
      39,
      41,
      45
    ],
    "bonus": 7,
    "first_prize": 1505207090,
    "first_winner_count": 21,
    "first_total_prize": 31609348890,
    "sales": 127643987000
  },
  {
    "round": 1155,
    "date": "2025-01-18",
    "numbers": [
      10,
      16,
      19,
      27,
      37,
      38
    ],
    "bonus": 13,
    "first_prize": 4066375179,
    "first_winner_count": 7,
    "first_total_prize": 28464626253,
    "sales": 118482730000
  },
  {
    "round": 1154,
    "date": "2025-01-11",
    "numbers": [
      4,
      8,
      22,
      26,
      32,
      38
    ],
    "bonus": 27,
    "first_prize": 1854965425,
    "first_winner_count": 15,
    "first_total_prize": 27824481375,
    "sales": 115268257000
  },
  {
    "round": 1153,
    "date": "2025-01-04",
    "numbers": [
      1,
      9,
      10,
      13,
      35,
      44
    ],
    "bonus": 5,
    "first_prize": 2027312925,
    "first_winner_count": 15,
    "first_total_prize": 30409693875,
    "sales": 126343367000
  },
  {
    "round": 1152,
    "date": "2024-12-28",
    "numbers": [
      30,
      31,
      32,
      35,
      36,
      37
    ],
    "bonus": 5,
    "first_prize": 874349668,
    "first_winner_count": 35,
    "first_total_prize": 30602238380,
    "sales": 120703009000
  },
  {
    "round": 1151,
    "date": "2024-12-21",
    "numbers": [
      2,
      3,
      9,
      15,
      27,
      29
    ],
    "bonus": 8,
    "first_prize": 1620503030,
    "first_winner_count": 17,
    "first_total_prize": 27548551510,
    "sales": 116118444000
  },
  {
    "round": 1150,
    "date": "2024-12-14",
    "numbers": [
      8,
      9,
      18,
      35,
      39,
      45
    ],
    "bonus": 25,
    "first_prize": 1570620309,
    "first_winner_count": 17,
    "first_total_prize": 26700545253,
    "sales": 114152034000
  },
  {
    "round": 1149,
    "date": "2024-12-07",
    "numbers": [
      8,
      15,
      19,
      21,
      32,
      36
    ],
    "bonus": 38,
    "first_prize": 1613380765,
    "first_winner_count": 17,
    "first_total_prize": 27427473005,
    "sales": 112146718000
  },
  {
    "round": 1148,
    "date": "2024-11-30",
    "numbers": [
      3,
      6,
      13,
      15,
      16,
      22
    ],
    "bonus": 32,
    "first_prize": 2073332308,
    "first_winner_count": 13,
    "first_total_prize": 26953320004,
    "sales": 113188640000
  },
  {
    "round": 1147,
    "date": "2024-11-23",
    "numbers": [
      7,
      11,
      24,
      26,
      27,
      37
    ],
    "bonus": 32,
    "first_prize": 3323422079,
    "first_winner_count": 8,
    "first_total_prize": 26587376632,
    "sales": 115707061000
  },
  {
    "round": 1146,
    "date": "2024-11-16",
    "numbers": [
      6,
      11,
      17,
      19,
      40,
      43
    ],
    "bonus": 28,
    "first_prize": 2526476353,
    "first_winner_count": 11,
    "first_total_prize": 27791239883,
    "sales": 116694743000
  },
  {
    "round": 1145,
    "date": "2024-11-09",
    "numbers": [
      2,
      11,
      31,
      33,
      37,
      44
    ],
    "bonus": 32,
    "first_prize": 3051630084,
    "first_winner_count": 9,
    "first_total_prize": 27464670756,
    "sales": 116115162000
  },
  {
    "round": 1144,
    "date": "2024-11-02",
    "numbers": [
      3,
      4,
      12,
      15,
      26,
      34
    ],
    "bonus": 6,
    "first_prize": 1489347375,
    "first_winner_count": 18,
    "first_total_prize": 26808252750,
    "sales": 116378514000
  },
  {
    "round": 1143,
    "date": "2024-10-26",
    "numbers": [
      10,
      16,
      17,
      27,
      28,
      36
    ],
    "bonus": 6,
    "first_prize": 2545657023,
    "first_winner_count": 11,
    "first_total_prize": 28002227253,
    "sales": 116432896000
  },
  {
    "round": 1142,
    "date": "2024-10-19",
    "numbers": [
      2,
      8,
      28,
      30,
      37,
      41
    ],
    "bonus": 22,
    "first_prize": 3117517709,
    "first_winner_count": 9,
    "first_total_prize": 28057659381,
    "sales": 114254355000
  },
  {
    "round": 1141,
    "date": "2024-10-12",
    "numbers": [
      7,
      11,
      12,
      21,
      26,
      35
    ],
    "bonus": 20,
    "first_prize": 2457758285,
    "first_winner_count": 11,
    "first_total_prize": 27035341135,
    "sales": 115803173000
  },
  {
    "round": 1140,
    "date": "2024-10-05",
    "numbers": [
      7,
      10,
      22,
      29,
      31,
      38
    ],
    "bonus": 15,
    "first_prize": 2279823938,
    "first_winner_count": 12,
    "first_total_prize": 27357887256,
    "sales": 115238556000
  },
  {
    "round": 1139,
    "date": "2024-09-28",
    "numbers": [
      5,
      12,
      15,
      30,
      37,
      40
    ],
    "bonus": 18,
    "first_prize": 2167490972,
    "first_winner_count": 13,
    "first_total_prize": 28177382636,
    "sales": 117915887000
  },
  {
    "round": 1138,
    "date": "2024-09-21",
    "numbers": [
      14,
      16,
      19,
      20,
      29,
      34
    ],
    "bonus": 35,
    "first_prize": 1902656786,
    "first_winner_count": 14,
    "first_total_prize": 26637195004,
    "sales": 109651510000
  },
  {
    "round": 1137,
    "date": "2024-09-14",
    "numbers": [
      4,
      9,
      12,
      15,
      33,
      45
    ],
    "bonus": 26,
    "first_prize": 2023447688,
    "first_winner_count": 14,
    "first_total_prize": 28328267632,
    "sales": 119250007000
  },
  {
    "round": 1136,
    "date": "2024-09-07",
    "numbers": [
      21,
      33,
      35,
      38,
      42,
      44
    ],
    "bonus": 1,
    "first_prize": 2314468157,
    "first_winner_count": 12,
    "first_total_prize": 27773617884,
    "sales": 113031911000
  },
  {
    "round": 1135,
    "date": "2024-08-31",
    "numbers": [
      1,
      6,
      13,
      19,
      21,
      33
    ],
    "bonus": 4,
    "first_prize": 2953726125,
    "first_winner_count": 9,
    "first_total_prize": 26583535125,
    "sales": 113817137000
  },
  {
    "round": 1134,
    "date": "2024-08-24",
    "numbers": [
      3,
      7,
      9,
      13,
      19,
      24
    ],
    "bonus": 23,
    "first_prize": 1755689384,
    "first_winner_count": 14,
    "first_total_prize": 24579651376,
    "sales": 111660087000
  },
  {
    "round": 1133,
    "date": "2024-08-17",
    "numbers": [
      13,
      14,
      20,
      28,
      29,
      34
    ],
    "bonus": 23,
    "first_prize": 2105079491,
    "first_winner_count": 13,
    "first_total_prize": 27366033383,
    "sales": 111210839000
  },
  {
    "round": 1132,
    "date": "2024-08-10",
    "numbers": [
      6,
      7,
      19,
      28,
      34,
      41
    ],
    "bonus": 5,
    "first_prize": 2404951807,
    "first_winner_count": 11,
    "first_total_prize": 26454469877,
    "sales": 110018123000
  },
  {
    "round": 1131,
    "date": "2024-08-03",
    "numbers": [
      1,
      2,
      6,
      14,
      27,
      38
    ],
    "bonus": 33,
    "first_prize": 1542367898,
    "first_winner_count": 17,
    "first_total_prize": 26220254266,
    "sales": 109120798000
  },
  {
    "round": 1130,
    "date": "2024-07-27",
    "numbers": [
      15,
      19,
      21,
      25,
      27,
      28
    ],
    "bonus": 40,
    "first_prize": 2263301219,
    "first_winner_count": 12,
    "first_total_prize": 27159614628,
    "sales": 109515089000
  },
  {
    "round": 1129,
    "date": "2024-07-20",
    "numbers": [
      5,
      10,
      11,
      17,
      28,
      34
    ],
    "bonus": 22,
    "first_prize": 2369567660,
    "first_winner_count": 11,
    "first_total_prize": 26065244260,
    "sales": 110363498000
  },
  {
    "round": 1128,
    "date": "2024-07-13",
    "numbers": [
      1,
      5,
      8,
      16,
      28,
      33
    ],
    "bonus": 45,
    "first_prize": 419925560,
    "first_winner_count": 63,
    "first_total_prize": 26455310280,
    "sales": 111364194000
  },
  {
    "round": 1127,
    "date": "2024-07-06",
    "numbers": [
      10,
      15,
      24,
      30,
      31,
      37
    ],
    "bonus": 32,
    "first_prize": 2267891969,
    "first_winner_count": 12,
    "first_total_prize": 27214703628,
    "sales": 111571373000
  },
  {
    "round": 1126,
    "date": "2024-06-29",
    "numbers": [
      4,
      5,
      9,
      11,
      37,
      40
    ],
    "bonus": 7,
    "first_prize": 2386382421,
    "first_winner_count": 11,
    "first_total_prize": 26250206631,
    "sales": 111998191000
  },
  {
    "round": 1125,
    "date": "2024-06-22",
    "numbers": [
      6,
      14,
      25,
      33,
      40,
      44
    ],
    "bonus": 30,
    "first_prize": 2195289188,
    "first_winner_count": 12,
    "first_total_prize": 26343470256,
    "sales": 109407294000
  },
  {
    "round": 1124,
    "date": "2024-06-15",
    "numbers": [
      3,
      8,
      17,
      30,
      33,
      34
    ],
    "bonus": 28,
    "first_prize": 2623327913,
    "first_winner_count": 10,
    "first_total_prize": 26233279130,
    "sales": 112014841000
  },
  {
    "round": 1123,
    "date": "2024-06-08",
    "numbers": [
      13,
      19,
      21,
      24,
      34,
      35
    ],
    "bonus": 26,
    "first_prize": 1731310711,
    "first_winner_count": 16,
    "first_total_prize": 27700971376,
    "sales": 113142957000
  },
  {
    "round": 1122,
    "date": "2024-06-01",
    "numbers": [
      3,
      6,
      21,
      30,
      34,
      35
    ],
    "bonus": 22,
    "first_prize": 2556266046,
    "first_winner_count": 11,
    "first_total_prize": 28118926506,
    "sales": 115540004000
  },
  {
    "round": 1121,
    "date": "2024-05-25",
    "numbers": [
      6,
      24,
      31,
      32,
      38,
      44
    ],
    "bonus": 8,
    "first_prize": 2524513262,
    "first_winner_count": 11,
    "first_total_prize": 27769645882,
    "sales": 113898519000
  },
  {
    "round": 1120,
    "date": "2024-05-18",
    "numbers": [
      2,
      19,
      26,
      31,
      38,
      41
    ],
    "bonus": 34,
    "first_prize": 2522163375,
    "first_winner_count": 11,
    "first_total_prize": 27743797125,
    "sales": 114804359000
  },
  {
    "round": 1119,
    "date": "2024-05-11",
    "numbers": [
      1,
      9,
      12,
      13,
      20,
      45
    ],
    "bonus": 3,
    "first_prize": 1396028764,
    "first_winner_count": 19,
    "first_total_prize": 26524546516,
    "sales": 111840714000
  },
  {
    "round": 1118,
    "date": "2024-05-04",
    "numbers": [
      11,
      13,
      14,
      15,
      16,
      45
    ],
    "bonus": 3,
    "first_prize": 1477445132,
    "first_winner_count": 19,
    "first_total_prize": 28071457508,
    "sales": 113727120000
  },
  {
    "round": 1117,
    "date": "2024-04-27",
    "numbers": [
      3,
      4,
      9,
      30,
      33,
      36
    ],
    "bonus": 7,
    "first_prize": 3028385542,
    "first_winner_count": 9,
    "first_total_prize": 27255469878,
    "sales": 113895333000
  },
  {
    "round": 1116,
    "date": "2024-04-20",
    "numbers": [
      15,
      16,
      17,
      25,
      30,
      31
    ],
    "bonus": 32,
    "first_prize": 2695000238,
    "first_winner_count": 10,
    "first_total_prize": 26950002380,
    "sales": 110862553000
  },
  {
    "round": 1115,
    "date": "2024-04-13",
    "numbers": [
      7,
      12,
      23,
      32,
      34,
      36
    ],
    "bonus": 8,
    "first_prize": 2257278282,
    "first_winner_count": 12,
    "first_total_prize": 27087339384,
    "sales": 113939215000
  },
  {
    "round": 1114,
    "date": "2024-04-06",
    "numbers": [
      10,
      16,
      19,
      32,
      33,
      38
    ],
    "bonus": 3,
    "first_prize": 1583813824,
    "first_winner_count": 17,
    "first_total_prize": 26924835008,
    "sales": 113597890000
  },
  {
    "round": 1113,
    "date": "2024-03-30",
    "numbers": [
      11,
      13,
      20,
      21,
      32,
      44
    ],
    "bonus": 8,
    "first_prize": 1987426822,
    "first_winner_count": 14,
    "first_total_prize": 27823975508,
    "sales": 113342318000
  },
  {
    "round": 1112,
    "date": "2024-03-23",
    "numbers": [
      16,
      20,
      26,
      36,
      42,
      44
    ],
    "bonus": 24,
    "first_prize": 2804455650,
    "first_winner_count": 10,
    "first_total_prize": 28044556500,
    "sales": 114216084000
  },
  {
    "round": 1111,
    "date": "2024-03-16",
    "numbers": [
      3,
      13,
      30,
      33,
      43,
      45
    ],
    "bonus": 4,
    "first_prize": 1714662540,
    "first_winner_count": 16,
    "first_total_prize": 27434600640,
    "sales": 116382835000
  },
  {
    "round": 1110,
    "date": "2024-03-09",
    "numbers": [
      3,
      7,
      11,
      20,
      22,
      41
    ],
    "bonus": 24,
    "first_prize": 1647392719,
    "first_winner_count": 16,
    "first_total_prize": 26358283504,
    "sales": 115083786000
  },
  {
    "round": 1109,
    "date": "2024-03-02",
    "numbers": [
      10,
      12,
      13,
      19,
      33,
      40
    ],
    "bonus": 2,
    "first_prize": 1584352875,
    "first_winner_count": 17,
    "first_total_prize": 26933998875,
    "sales": 117196327000
  },
  {
    "round": 1108,
    "date": "2024-02-24",
    "numbers": [
      7,
      19,
      26,
      37,
      39,
      44
    ],
    "bonus": 27,
    "first_prize": 1957990849,
    "first_winner_count": 14,
    "first_total_prize": 27411871886,
    "sales": 114578905000
  },
  {
    "round": 1107,
    "date": "2024-02-17",
    "numbers": [
      6,
      14,
      30,
      31,
      40,
      41
    ],
    "bonus": 29,
    "first_prize": 2025625233,
    "first_winner_count": 14,
    "first_total_prize": 28358753262,
    "sales": 117664962000
  },
  {
    "round": 1106,
    "date": "2024-02-10",
    "numbers": [
      1,
      3,
      4,
      29,
      42,
      45
    ],
    "bonus": 36,
    "first_prize": 2790462819,
    "first_winner_count": 11,
    "first_total_prize": 30695091009,
    "sales": 126617296000
  },
  {
    "round": 1105,
    "date": "2024-02-03",
    "numbers": [
      6,
      16,
      34,
      37,
      39,
      40
    ],
    "bonus": 11,
    "first_prize": 1834853800,
    "first_winner_count": 15,
    "first_total_prize": 27522807000,
    "sales": 113295292000
  },
  {
    "round": 1104,
    "date": "2024-01-27",
    "numbers": [
      1,
      7,
      21,
      30,
      35,
      38
    ],
    "bonus": 2,
    "first_prize": 1817193100,
    "first_winner_count": 15,
    "first_total_prize": 27257896500,
    "sales": 112449384000
  },
  {
    "round": 1103,
    "date": "2024-01-20",
    "numbers": [
      10,
      12,
      29,
      31,
      40,
      44
    ],
    "bonus": 2,
    "first_prize": 1574419633,
    "first_winner_count": 17,
    "first_total_prize": 26765133761,
    "sales": 110195070000
  },
  {
    "round": 1102,
    "date": "2024-01-13",
    "numbers": [
      13,
      14,
      22,
      26,
      37,
      38
    ],
    "bonus": 20,
    "first_prize": 1383591413,
    "first_winner_count": 20,
    "first_total_prize": 27671828260,
    "sales": 113178102000
  },
  {
    "round": 1101,
    "date": "2024-01-06",
    "numbers": [
      6,
      7,
      13,
      28,
      36,
      42
    ],
    "bonus": 41,
    "first_prize": 2100529500,
    "first_winner_count": 13,
    "first_total_prize": 27306883500,
    "sales": 114758876000
  },
  {
    "round": 1100,
    "date": "2023-12-30",
    "numbers": [
      17,
      26,
      29,
      30,
      31,
      43
    ],
    "bonus": 12,
    "first_prize": 2207575472,
    "first_winner_count": 13,
    "first_total_prize": 28698481136,
    "sales": 116187023000
  },
  {
    "round": 1099,
    "date": "2023-12-23",
    "numbers": [
      3,
      20,
      28,
      38,
      40,
      43
    ],
    "bonus": 4,
    "first_prize": 2959934125,
    "first_winner_count": 9,
    "first_total_prize": 26639407125,
    "sales": 107510729000
  },
  {
    "round": 1098,
    "date": "2023-12-16",
    "numbers": [
      12,
      16,
      21,
      24,
      41,
      43
    ],
    "bonus": 15,
    "first_prize": 1930461895,
    "first_winner_count": 13,
    "first_total_prize": 25096004635,
    "sales": 103850339000
  },
  {
    "round": 1097,
    "date": "2023-12-09",
    "numbers": [
      14,
      33,
      34,
      35,
      37,
      40
    ],
    "bonus": 4,
    "first_prize": 3864293090,
    "first_winner_count": 7,
    "first_total_prize": 27050051630,
    "sales": 108873101000
  },
  {
    "round": 1096,
    "date": "2023-12-02",
    "numbers": [
      1,
      12,
      16,
      19,
      23,
      43
    ],
    "bonus": 34,
    "first_prize": 2539391175,
    "first_winner_count": 10,
    "first_total_prize": 25393911750,
    "sales": 105753078000
  },
  {
    "round": 1095,
    "date": "2023-11-25",
    "numbers": [
      8,
      14,
      28,
      29,
      34,
      40
    ],
    "bonus": 12,
    "first_prize": 2617825575,
    "first_winner_count": 10,
    "first_total_prize": 26178255750,
    "sales": 106160572000
  },
  {
    "round": 1094,
    "date": "2023-11-18",
    "numbers": [
      6,
      7,
      15,
      22,
      26,
      40
    ],
    "bonus": 41,
    "first_prize": 2112854469,
    "first_winner_count": 12,
    "first_total_prize": 25354253628,
    "sales": 104078823000
  },
  {
    "round": 1093,
    "date": "2023-11-11",
    "numbers": [
      10,
      17,
      22,
      30,
      35,
      43
    ],
    "bonus": 44,
    "first_prize": 1967040750,
    "first_winner_count": 13,
    "first_total_prize": 25571529750,
    "sales": 105589036000
  },
  {
    "round": 1092,
    "date": "2023-11-04",
    "numbers": [
      7,
      18,
      19,
      26,
      33,
      45
    ],
    "bonus": 37,
    "first_prize": 1583289844,
    "first_winner_count": 16,
    "first_total_prize": 25332637504,
    "sales": 108970510000
  },
  {
    "round": 1091,
    "date": "2023-10-28",
    "numbers": [
      6,
      20,
      23,
      24,
      28,
      30
    ],
    "bonus": 44,
    "first_prize": 2898470459,
    "first_winner_count": 9,
    "first_total_prize": 26086234131,
    "sales": 109335581000
  },
  {
    "round": 1090,
    "date": "2023-10-21",
    "numbers": [
      12,
      19,
      21,
      29,
      40,
      45
    ],
    "bonus": 1,
    "first_prize": 2386494614,
    "first_winner_count": 11,
    "first_total_prize": 26251440754,
    "sales": 108364862000
  },
  {
    "round": 1089,
    "date": "2023-10-14",
    "numbers": [
      4,
      18,
      31,
      37,
      42,
      43
    ],
    "bonus": 40,
    "first_prize": 2978522167,
    "first_winner_count": 9,
    "first_total_prize": 26806699503,
    "sales": 108725932000
  },
  {
    "round": 1088,
    "date": "2023-10-07",
    "numbers": [
      11,
      21,
      22,
      30,
      39,
      44
    ],
    "bonus": 31,
    "first_prize": 2434697898,
    "first_winner_count": 11,
    "first_total_prize": 26781676878,
    "sales": 109089305000
  },
  {
    "round": 1087,
    "date": "2023-09-30",
    "numbers": [
      13,
      14,
      18,
      21,
      34,
      44
    ],
    "bonus": 16,
    "first_prize": 1732253602,
    "first_winner_count": 16,
    "first_total_prize": 27716057632,
    "sales": 113960897000
  },
  {
    "round": 1086,
    "date": "2023-09-23",
    "numbers": [
      11,
      16,
      25,
      27,
      35,
      36
    ],
    "bonus": 37,
    "first_prize": 1515913809,
    "first_winner_count": 17,
    "first_total_prize": 25770534753,
    "sales": 109250306000
  },
  {
    "round": 1085,
    "date": "2023-09-16",
    "numbers": [
      4,
      7,
      17,
      18,
      38,
      44
    ],
    "bonus": 36,
    "first_prize": 1073277473,
    "first_winner_count": 23,
    "first_total_prize": 24685381879,
    "sales": 106249975000
  },
  {
    "round": 1084,
    "date": "2023-09-09",
    "numbers": [
      8,
      12,
      13,
      29,
      33,
      42
    ],
    "bonus": 5,
    "first_prize": 1738764600,
    "first_winner_count": 15,
    "first_total_prize": 26081469000,
    "sales": 109818924000
  },
  {
    "round": 1083,
    "date": "2023-09-02",
    "numbers": [
      3,
      7,
      14,
      15,
      22,
      38
    ],
    "bonus": 17,
    "first_prize": 1713084525,
    "first_winner_count": 15,
    "first_total_prize": 25696267875,
    "sales": 108995141000
  },
  {
    "round": 1082,
    "date": "2023-08-26",
    "numbers": [
      21,
      26,
      27,
      32,
      34,
      42
    ],
    "bonus": 31,
    "first_prize": 3720489643,
    "first_winner_count": 7,
    "first_total_prize": 26043427501,
    "sales": 107566880000
  },
  {
    "round": 1081,
    "date": "2023-08-19",
    "numbers": [
      1,
      9,
      16,
      23,
      24,
      38
    ],
    "bonus": 17,
    "first_prize": 2343892944,
    "first_winner_count": 11,
    "first_total_prize": 25782822384,
    "sales": 106974323000
  }
]